@Manual{R-base,
  title = {R: A Language and Environment for Statistical Computing},
  author = {{R Core Team}},
  organization = {R Foundation for Statistical Computing},
  address = {Vienna, Austria},
  year = {2024},
}

@Manual{R-bookdown,
  title = {{{bookdown}: Authoring Books and Technical Documents With {R} {Markdown}}},
  author = {Yihui Xie},
  year = {2024},
  note = {R package version 0.40, 
https://pkgs.rstudio.com/bookdown/},
}

@Manual{R-cowplot,
  title = {{cowplot}: Streamlined Plot Theme and Plot Annotations for ggplot2},
  author = {Claus O. Wilke},
  year = {2024},
  note = {R package version 1.1.3},
}

@Manual{R-ggh4x,
  title = {ggh4x: Hacks for ggplot2},
  author = {Teun {van den Brand}},
  year = {2024},
  note = {R package version 0.2.8, 
https://teunbrand.github.io/ggh4x/},
}

@Manual{R-ggpattern,
  title = {{ggpattern}: ggplot2 Pattern Geoms},
  author = {Mike FC and Trevor L. Davis and {ggplot2 authors}},
  year = {2024},
  note = {R package version 1.1.1, 
https://trevorldavis.com/R/ggpattern/dev/},
}

@Manual{R-ggsignif,
  title = {{ggsignif}: Significance Brackets for ggplot2},
  author = {Constantin Ahlmann-Eltze and Indrajeet Patil},
  year = {2022},
  note = {R package version 0.6.4, 
https://github.com/const-ae/ggsignif},
}

@Manual{R-kableExtra,
  title = {kableExtra: Construct Complex Table with kable and Pipe Syntax},
  author = {Hao Zhu},
  year = {2024},
  note = {R package version 1.4.0, 
https://github.com/haozhu233/kableExtra},
}

@Manual{R-knitr,
  title = {{knitr}: A General-Purpose Package for Dynamic Report Generation in {R}},
  author = {Yihui Xie},
  year = {2024},
  note = {R package version 1.46},
}

@Manual{R-RColorBrewer,
  title = {RColorBrewer: ColorBrewer Palettes},
  author = {Erich Neuwirth},
  year = {2022},
  note = {R package version 1.1-3},
}

@Manual{R-rlang,
  title = {{rlang}: Functions for Base Types and Core {R} and Tidyverse Features},
  author = {Lionel Henry and Hadley Wickham},
  year = {2024},
  note = {R package version 1.1.3},
}

@Manual{R-rmarkdown,
  title = {{rmarkdown}: Dynamic Documents for {R}},
  author = {JJ Allaire and Yihui Xie and Christophe Dervieux and Jonathan McPherson and Javier Luraschi and Kevin Ushey and Aron Atkins and Hadley Wickham and Joe Cheng and Winston Chang and Richard Iannone},
  year = {2024},
  note = {R package version 2.26, 
https://pkgs.rstudio.com/rmarkdown/},
}

@Manual{R-taxonomizr,
  title = {{taxonomizr}: Functions to Work with NCBI Accessions and Taxonomy},
  author = {Scott Sherrill-Mix},
  year = {2023},
  note = {R package version 0.10.6},
}

@Manual{R-tidyverse,
  title = {{tidyverse}: Easily Install and Load the Tidyverse},
  author = {Hadley Wickham},
  year = {2023},
  note = {R package version 2.0.0, 
https://github.com/tidyverse/tidyverse},
}

@Manual{R-tinytex,
  title = {{tinytex}: Helper Functions to Install and Maintain {TeX Live}, and Compile
LaTeX Documents},
  author = {Yihui Xie},
  year = {2024},
  note = {R package version 0.50},
}

@Manual{R-vegan,
  title = {{vegan}: Community Ecology Package},
  author = {Jari Oksanen and Gavin L. Simpson and F. Guillaume Blanchet and Roeland Kindt and Pierre Legendre and Peter R. Minchin and R.B. O'Hara and Peter Solymos and M. Henry H. Stevens and Eduard Szoecs and Helene Wagner and Matt Barbour and Michael Bedward and Ben Bolker and Daniel Borcard and Gustavo Carvalho and Michael Chirico and Miquel {De Caceres} and Sebastien Durand and Heloisa Beatriz Antoniazi Evangelista and Rich FitzJohn and Michael Friendly and Brendan Furneaux and Geoffrey Hannigan and Mark O. Hill and Leo Lahti and Dan McGlinn and Marie-Helene Ouellette and Eduardo {Ribeiro Cunha} and Tyler Smith and Adrian Stier and Cajo J.F. {Ter Braak} and James Weedon},
  year = {2022},
  note = {R package version 2.6-4},
}

@Book{bookdown2016,
  title = {{{bookdown}: Authoring Books and Technical Documents With {R} {Markdown}}},
  author = {Yihui Xie},
  publisher = {Chapman and Hall/CRC},
  address = {Boca Raton, Florida},
  year = {2016},
  isbn = {978-1138700109},
}

@Article{ggsignif2021,
  title = {{ggsignif}: {R} Package for Displaying Significance Brackets for {'ggplot2'}},
  author = {Ahlmann-Eltze Constantin and Indrajeet Patil},
  year = {2021},
journal = {PsyArXiv},
  doi = {10.31234/osf.io/7awm6},
}

@Book{knitr2015,
  title = {{Dynamic Documents With {R} and knitr}},
  author = {Yihui Xie},
  publisher = {Chapman and Hall/CRC},
  address = {Boca Raton, Florida},
  year = {2015},
  edition = {2nd},
  note = {ISBN 978-1498716963},
}

@InCollection{knitr2014,
  booktitle = {{Implementing Reproducible Computational Research}},
  editor = {Victoria Stodden and Friedrich Leisch and Roger D. Peng},
  title = {{knitr}: A Comprehensive Tool for Reproducible Research in {R}},
  author = {Yihui Xie},
  publisher = {Chapman and Hall/CRC},
  year = {2014},
  note = {ISBN 978-1466561595},
}

@Book{rmarkdown2018,
  title = {{R {Markdown}: The Definitive Guide}},
  author = {Yihui Xie and J.J. Allaire and Garrett Grolemund},
  publisher = {Chapman and Hall/CRC},
  address = {Boca Raton, Florida},
  year = {2018},
  isbn = {9781138359338},
}

@Book{rmarkdown2020,
  title = {{R {Markdown} Cookbook}},
  author = {Yihui Xie and Christophe Dervieux and Emily Riederer},
  publisher = {Chapman and Hall/CRC},
  address = {Boca Raton, Florida},
  year = {2020},
  isbn = {9780367563837},
}

@Article{tidyverse2019,
  title = {Welcome to the {tidyverse}},
  author = {Hadley Wickham and Mara Averick and Jennifer Bryan and Winston Chang and Lucy D'Agostino McGowan and Romain François and Garrett Grolemund and Alex Hayes and Lionel Henry and Jim Hester and Max Kuhn and Thomas Lin Pedersen and Evan Miller and Stephan Milton Bache and Kirill Müller and Jeroen Ooms and David Robinson and Dana Paige Seidel and Vitalie Spinu and Kohske Takahashi and Davis Vaughan and Claus Wilke and Kara Woo and Hiroaki Yutani},
  year = {2019},
  journal = {Journal of Open Source Software},
  shortjournal = {J. Open Source Softw.},
  volume = {4},
  number = {43},
  pages = {1686},
  doi = {10.21105/joss.01686},
}

@Article{tinytex2019,
  title = {TinyTeX: A lightweight, cross-platform, and easy-to-maintain LaTeX distribution based on {TeX Live}},
  author = {Yihui Xie},
  journal = {TUGboat},
  year = {2019},
  volume = {40},
  number = {1},
  pages = {30--32},
}

