@article{Alsaffar2020,
  title = {The Role of Seagrass Vegetation and Local Environmental Conditions in Shaping Benthic Bacterial and Macroinvertebrate Communities in a Tropical Coastal Lagoon},
  author = {Alsaffar, Z. and Pearman, J. K. and Cúrdia, J. and Ellis, J. and Calleja, M. Ll and Ruiz-Compean, P. and Roth, F. and Villalobos, R. and Jones, B. H. and Morán, X. a. G. and Carvalho, S.},
  date = {2020-08-11},
  journaltitle = {Scientific Reports},
  shortjournal = {Sci. Rep.},
  volume = {10},
  number = {1},
  pages = {13550},
  publisher = {Nature Publishing Group},
  issn = {2045-2322},
  doi = {10.1038/s41598-020-70318-1},
  langid = {english}
}

@article{Arndt2013,
  title = {Quantifying the Degradation of Organic Matter in Marine Sediments: A Review and Synthesis},
  shorttitle = {Quantifying the Degradation of Organic Matter in Marine Sediments},
  author = {Arndt, Sandra and Jørgensen, B. B. and LaRowe, D. E. and Middelburg, J. J. and Pancost, R. D. and Regnier, P.},
  date = {2013-08-01},
  journaltitle = {Earth-Science Reviews},
  shortjournal = {Earth-Sci. Rev.},
  volume = {123},
  pages = {53--86},
  issn = {0012-8252},
  doi = {10.1016/j.earscirev.2013.02.008}
}

@article{Arnosti2011,
  title = {Microbial Extracellular Enzymes and the Marine Carbon Cycle},
  author = {Arnosti, Carol},
  date = {2011-01-15},
  journaltitle = {Annual Review of Marine Science},
  shortjournal = {Annu. Rev. Mar. Sci.},
  volume = {3},
  pages = {401--425},
  publisher = {Annual Reviews},
  issn = {1941-1405, 1941-0611},
  doi = {10.1146/annurev-marine-120709-142731},
  issue = {Volume 3, 2011},
  langid = {english}
}

@article{Aspeborg2012,
  title = {Evolution, Substrate Specificity and Subfamily Classification of Glycoside Hydrolase Family 5 ({{GH5}})},
  author = {Aspeborg, Henrik and Coutinho, Pedro M. and Wang, Yang and Brumer, Harry and Henrissat, Bernard},
  date = {2012-09-20},
  journaltitle = {BMC Evolutionary Biology},
  shortjournal = {BMC Evol. Biol.},
  volume = {12},
  number = {1},
  pages = {186},
  issn = {1471-2148},
  doi = {10.1186/1471-2148-12-186}
}

@article{Bargiela2015,
  title = {Metaproteomics and Metabolomics Analyses of Chronically Petroleum-Polluted Sites Reveal the Importance of General Anaerobic Processes Uncoupled with Degradation},
  author = {Bargiela, Rafael and Herbst, Florian-Alexander and Martínez-Martínez, Mónica and Seifert, Jana and Rojo, David and Cappello, Simone and Genovese, María and Crisafi, Francesca and Denaro, Renata and Chernikova, Tatyana N and Barbas, Coral and family=Bergen, given=Martin, prefix=von, useprefix=true and Yakimov, Michail M and Ferrer, Manuel and Golyshin, Peter N},
  date = {2015-10},
  journaltitle = {Proteomics},
  volume = {15},
  number = {20},
  pages = {3508--3520},
  doi = {10.1002/pmic.201400614},
  issue = {20}
}

@article{Baykov2013,
  title = {Pyrophosphate-Fueled {{Na}}{\textsuperscript{+}} and {{H}}{\textsuperscript{+}} Transport in Prokaryotes},
  author = {Baykov, Alexander A. and Malinen, Anssi M. and Luoto, Heidi H. and Lahti, Reijo},
  date = {2013-05-22},
  journaltitle = {Microbiology and Molecular Biology Reviews},
  shortjournal = {Microbiol. Mol. Biol. Rev.},
  volume = {77},
  number = {2},
  pages = {267--276},
  publisher = {American Society for Microbiology},
  doi = {10.1128/mmbr.00003-13}
}

@article{Berlemont2016,
  title = {Glycoside Hydrolases across Environmental Microbial Communities},
  author = {Berlemont, Renaud and Martiny, Adam C.},
  date = {2016-12-19},
  journaltitle = {PLOS Computational Biology},
  shortjournal = {PLoS Comput. Biol.},
  volume = {12},
  number = {12},
  pages = {e1005300},
  publisher = {Public Library of Science},
  issn = {1553-7358},
  doi = {10.1371/journal.pcbi.1005300},
  langid = {english}
}

@book{Borcard2018,
  title = {Numerical {{Ecology With R}}},
  author = {Borcard, Daniel and Gillet, François and Legendre, Pierre},
  date = {2018},
  series = {Use {{R}}!},
  edition = {2},
  publisher = {Springer International Publishing},
  doi = {10.1007/978-3-319-71404-2},
  isbn = {978-3-319-71403-5},
  langid = {english}
}

@article{Bourque2015,
  title = {Microbial Community Structure and Dynamics in Restored Subtropical Seagrass Sediments},
  author = {Bourque, Amanda S. and Vega-Thurber, Rebecca and Fourqurean, James W.},
  date = {2015-01-12},
  journaltitle = {Aquatic Microbial Ecology},
  shortjournal = {Aquat. Microb. Ecol.},
  volume = {74},
  number = {1},
  pages = {43--57},
  issn = {0948-3055, 1616-1564},
  doi = {10.3354/ame01725},
  langid = {english}
}

@article{Buchfink2021,
  title = {Sensitive Protein Alignments at Tree-of-Life Scale Using {{DIAMOND}}},
  author = {Buchfink, Benjamin and Reuter, Klaus and Drost, Hajk-Georg},
  date = {2021-04},
  journaltitle = {Nature Methods},
  shortjournal = {Nat. Methods},
  volume = {18},
  number = {4},
  pages = {366--368},
  publisher = {Nature Publishing Group},
  issn = {1548-7105},
  doi = {10.1038/s41592-021-01101-x},
  langid = {english}
}

@article{Burdige2007,
  title = {Preservation of Organic Matter in Marine Sediments: Controls, Mechanisms, and an Imbalance in Sediment Organic Carbon Budgets?},
  author = {Burdige, David J},
  date = {2007-02},
  journaltitle = {Chemical reviews},
  shortjournal = {Chem. Rev.},
  volume = {107},
  number = {2},
  pages = {467--485},
  doi = {10.1021/cr050347q},
  issue = {2}
}

@article{Cantalapiedra2021,
  title = {{{eggNOG-mapper}} v2: Functional Annotation, Orthology Assignments, and Domain Prediction at the Metagenomic Scale},
  shorttitle = {{{eggNOG-mapper}} V2},
  author = {Cantalapiedra, Carlos P and Hernández-Plaza, Ana and Letunic, Ivica and Bork, Peer and Huerta-Cepas, Jaime},
  date = {2021-12-01},
  journaltitle = {Molecular Biology and Evolution},
  shortjournal = {Mol. Biol. Evol.},
  volume = {38},
  number = {12},
  pages = {5825--5829},
  issn = {1537-1719},
  doi = {10.1093/molbev/msab293}
}

@article{Chourey2010,
  title = {Direct Cellular Lysis/Protein Extraction Protocol for Soil Metaproteomics},
  author = {Chourey, Karuna and Jansson, Janet and VerBerkmoes, Nathan and Shah, Manesh and Chavarria, Krystle L. and Tom, Lauren M. and Brodie, Eoin L. and Hettich, Robert L.},
  date = {2010-12},
  journaltitle = {Journal of Proteome Research},
  shortjournal = {J. Proteome Res.},
  volume = {9},
  number = {12},
  pages = {6615--6622},
  issn = {1535-3893},
  doi = {10.1021/pr100787q},
  issue = {12}
}

@article{Cucio2016,
  title = {Rhizosphere Microbiomes of European Seagrasses Are Selected by the Plant, but Are Not Species Specific},
  author = {Cúcio, Catarina and Engelen, Aschwin H. and Costa, Rodrigo and Muyzer, Gerard},
  date = {2016-03},
  journaltitle = {Frontiers in Microbiology},
  shortjournal = {Front. Microbiol.},
  volume = {7},
  number = {MAR},
  pages = {440},
  publisher = {Frontiers Media S.A.},
  issn = {1664302X},
  doi = {10.3389/fmicb.2016.00440},
  issue = {MAR}
}

@book{denHartog1970,
  title = {The {{Sea-Grasses}} of the {{World}}},
  author = {family=Hartog, given=Cornelis, prefix=den, useprefix=true},
  date = {1970},
  series = {Verhandelingen Der {{Koninklijke Nederlandse Akademie}} van {{Wetenschappen}}, {{Afd}}. {{Natuurkunde}}, {{Tweede}} Reeks ; Deel 59, No. 1},
  publisher = {North-Holland Publishing Company},
  location = {Amsterdam, London},
  pagetotal = {275}
}

@article{Drula2022,
  title = {The Carbohydrate-Active Enzyme Database: Functions and Literature},
  shorttitle = {The Carbohydrate-Active Enzyme Database},
  author = {Drula, Elodie and Garron, Marie-Line and Dogan, Suzan and Lombard, Vincent and Henrissat, Bernard and Terrapon, Nicolas},
  date = {2022-01-07},
  journaltitle = {Nucleic Acids Research},
  shortjournal = {Nucleic Acids Res.},
  volume = {50},
  number = {D1},
  pages = {D571-D577},
  issn = {0305-1048},
  doi = {10.1093/nar/gkab1045}
}

@article{Duarte1999,
  title = {Seagrass Biomass and Production: A Reassessment},
  shorttitle = {Seagrass Biomass and Production},
  author = {Duarte, Carlos M and Chiscano, Carina L},
  date = {1999-11-01},
  journaltitle = {Aquatic Botany},
  shortjournal = {Aquat. Bot.},
  volume = {65},
  number = {1},
  pages = {159--174},
  issn = {0304-3770},
  doi = {10.1016/S0304-3770(99)00038-8}
}

@incollection{Duarte2001,
  title = {Seagrass Ecosystems},
  booktitle = {Encyclopedia of {{Biodiversity}}},
  author = {Duarte, Carlos M.},
  editor = {Levin, Simon Asher},
  date = {2001},
  edition = {1},
  volume = {5},
  pages = {255--268},
  publisher = {Academic Press},
  volumes = {5}
}

@incollection{Duarte2005,
  title = {Plant–Microbe Interactions in Seagrass Meadows},
  booktitle = {Interactions {{Between Macro-}} and {{Microorganisms}} in {{Marine Sediments}}},
  author = {Duarte, Carlos M. and Holmer, Marianne and Marbà, Núria},
  editor = {Kristensenn, Erik and Haese, Ralf R. and Kostka, Joel E.},
  date = {2005},
  pages = {31--60},
  publisher = {American Geophysical Union (AGU)},
  doi = {10.1029/CE060p0031},
  isbn = {978-1-118-66544-2},
  langid = {english}
}

@article{Duarte2005a,
  title = {Major Role of Marine Vegetation on the Oceanic Carbon Cycle},
  author = {Duarte, C. M. and Middelburg, J. J. and Caraco, N.},
  date = {2005-02-01},
  journaltitle = {Biogeosciences},
  volume = {2},
  number = {1},
  pages = {1--8},
  publisher = {Copernicus GmbH},
  issn = {1726-4170},
  doi = {10.5194/bg-2-1-2005},
  langid = {english}
}

@article{Duarte2013,
  title = {Assessing the Capacity of Seagrass Meadows for Carbon Burial: Current Limitations and Future Strategies},
  shorttitle = {Assessing the Capacity of Seagrass Meadows for Carbon Burial},
  author = {Duarte, Carlos M. and Kennedy, Hilary and Marbà, Núria and Hendriks, Iris},
  date = {2013-10-01},
  journaltitle = {Ocean \& Coastal Management},
  shortjournal = {Ocean Coastal Manage.},
  volume = {83},
  pages = {32--38},
  issn = {0964-5691},
  doi = {10.1016/j.ocecoaman.2011.09.001}
}

@article{Dunic2021,
  title = {Long-Term Declines and Recovery of Meadow Area across the World’s Seagrass Bioregions},
  author = {Dunic, Jillian C. and Brown, Christopher J. and Connolly, Rod M. and Turschwell, Mischa P. and Côté, Isabelle M.},
  date = {2021},
  journaltitle = {Global Change Biology},
  shortjournal = {Glob. Change Biol.},
  volume = {27},
  number = {17},
  pages = {4096--4109},
  issn = {1365-2486},
  doi = {10.1111/gcb.15684},
  langid = {english}
}

@article{Ettinger2017,
  title = {Microbial Communities in Sediment from {{{\mkbibemph{Zostera marina}}}} Patches, but Not the {{{\mkbibemph{Z. marina}}}} Leaf or Root Microbiomes, Vary in Relation to Distance from Patch Edge},
  author = {Ettinger, Cassandra L and Voerman, Sofie E and Lang, Jenna M and Stachowicz, John J and Eisen, Jonathan A},
  date = {2017-04},
  journaltitle = {PeerJ},
  volume = {5},
  pages = {e3246},
  issn = {2167-8359},
  doi = {10.7717/peerj.3246}
}

@article{Fabbri2015,
  title = {Trends of the Seagrass {{{\mkbibemph{Cymodocea nodosa}}}} ({{Magnoliophyta}}) in the {{Canary Islands}}: Population Changes in the Last Two Decades},
  shorttitle = {Trends of the Seagrass {$<$}em{$>$}{{Cymodocea}} Nodosa{$<$}/Em{$>$} ({{Magnoliophyta}}) in the {{Canary Islands}}},
  author = {Fabbri, Federico and Espino, Fernando and Herrera, Rogelio and Moro, Leopoldo and Haroun, Ricardo and Riera, Rodrigo and González-Henriquez, Nieves and Bergasa, Oscar and Monterroso, Oscar and family=Rosa, given=Manuel Ruiz, prefix=de la, useprefix=false and Tuya, Fernando},
  date = {2015-03-30},
  journaltitle = {Scientia Marina},
  shortjournal = {Sci. Mar.},
  volume = {79},
  number = {1},
  pages = {7--13},
  issn = {1886-8134},
  doi = {10.3989/scimar.04165.19B},
  issue = {1},
  langid = {english}
}

@article{Gillan2015,
  title = {The Long-Term Adaptation of Bacterial Communities in Metal-Contaminated Sediments: A Metaproteogenomic Study},
  shorttitle = {The Long-Term Adaptation of Bacterial Communities in Metal-Contaminated Sediments},
  author = {Gillan, David C. and Roosa, Stéphanie and Kunath, Benoit and Billon, Gabriel and Wattiez, Ruddy},
  date = {2015},
  journaltitle = {Environmental Microbiology},
  shortjournal = {Environ. Microbiol.},
  volume = {17},
  number = {6},
  pages = {1991--2005},
  issn = {1462-2920},
  doi = {10.1111/1462-2920.12627},
  langid = {english}
}

@article{Glass2014,
  title = {Geochemical, Metagenomic and Metaproteomic Insights into Trace Metal Utilization by Methane-Oxidizing Microbial Consortia in Sulphidic Marine Sediments},
  author = {Glass, Jennifer B. and Yu, Hang and Steele, Joshua A. and Dawson, Katherine S. and Sun, Shulei and Chourey, Karuna and Pan, Chongle and Hettich, Robert L. and Orphan, Victoria J.},
  date = {2014-06},
  journaltitle = {Environmental Microbiology},
  shortjournal = {Environ. Microbiol.},
  volume = {16},
  number = {6},
  pages = {1592--1611},
  issn = {14622912},
  doi = {10.1111/1462-2920.12314},
  issue = {6}
}

@article{Graue2012,
  title = {Degradation of Cyanobacterial Biomass in Anoxic Tidal-Flat Sediments: A Microcosm Study of Metabolic Processes and Community Changes},
  shorttitle = {Degradation of Cyanobacterial Biomass in Anoxic Tidal-Flat Sediments},
  author = {Graue, Jutta and Engelen, Bert and Cypionka, Heribert},
  date = {2012-03},
  journaltitle = {The ISME Journal},
  shortjournal = {ISME J.},
  volume = {6},
  number = {3},
  pages = {660--669},
  publisher = {Nature Publishing Group},
  issn = {1751-7370},
  doi = {10.1038/ismej.2011.120},
  langid = {english}
}

@article{Grossart2020,
  title = {Linking Metagenomics to Aquatic Microbial Ecology and Biogeochemical Cycles},
  author = {Grossart, Hans-Peter and Massana, Ramon and McMahon, Katherine D. and Walsh, David A.},
  date = {2020},
  journaltitle = {Limnology and Oceanography},
  shortjournal = {Limnol. Oceanogr.},
  volume = {65},
  number = {S1},
  pages = {S2-S20},
  issn = {1939-5590},
  doi = {10.1002/lno.11382},
  langid = {english}
}

@article{Guevara2014,
  title = {Changes in Sediment Bacterial Community in Response to Long-Term Nutrient Enrichment in a Subtropical Seagrass-Dominated Estuary},
  author = {Guevara, Rafael and Ikenaga, Makoto and Dean, Amanda L. and Pisani, Cristina and Boyer, Joseph N.},
  date = {2014-10-01},
  journaltitle = {Microbial Ecology},
  shortjournal = {Microb. Ecol.},
  volume = {68},
  number = {3},
  pages = {427--440},
  issn = {1432-184X},
  doi = {10.1007/s00248-014-0418-1},
  langid = {english}
}

@article{Habibi2023,
  title = {Metagenomes from Coastal Sediments of {{Kuwait}}: Insights into the Microbiome, Metabolic Functions and Resistome},
  shorttitle = {Metagenomes from Coastal Sediments of Kuwait},
  author = {Habibi, Nazima and Uddin, Saif and Al-Sarawi, Hanan and Aldhameer, Ahmed and Shajan, Anisha and Zakir, Farhana and Abdul Razzack, Nasreem and Alam, Faiz},
  date = {2023-02},
  journaltitle = {Microorganisms},
  volume = {11},
  number = {2},
  pages = {531},
  publisher = {Multidisciplinary Digital Publishing Institute},
  issn = {2076-2607},
  doi = {10.3390/microorganisms11020531},
  issue = {2},
  langid = {english}
}

@article{Holmer2004,
  title = {Carbon Cycling and Bacterial Carbon Sources in Pristine and Impacted {{Mediterranean}} Seagrass Sediments},
  author = {Holmer, M. and Duarte, C. M. and Boschker, H. T. S. and Barrón, C.},
  date = {2004-09-14},
  journaltitle = {Aquatic Microbial Ecology},
  shortjournal = {Aquat. Microb. Ecol.},
  volume = {36},
  number = {3},
  pages = {227--237},
  issn = {0948-3055, 1616-1564},
  doi = {10.3354/ame036227},
  langid = {english}
}

@article{Hoshino2020,
  title = {Global Diversity of Microbial Communities in Marine Sediment},
  author = {Hoshino, Tatsuhiko and Doi, Hideyuki and Uramoto, Go-Ichiro and Wörmer, Lars and Adhikari, Rishi R. and Xiao, Nan and Morono, Yuki and D’Hondt, Steven and Hinrichs, Kai-Uwe and Inagaki, Fumio},
  date = {2020-11-03},
  journaltitle = {Proceedings of the National Academy of Sciences of the United States of America},
  shortjournal = {Proc. Natl. Acad. Sci. U. S. A.},
  volume = {117},
  number = {44},
  pages = {27587--27597},
  publisher = {Proceedings of the National Academy of Sciences},
  doi = {10.1073/pnas.1919139117}
}

@article{Huerta-Cepas2019,
  title = {{{eggNOG}} 5.0: A Hierarchical, Functionally and Phylogenetically Annotated Orthology Resource Based on 5090 Organisms and 2502 Viruses},
  shorttitle = {{{eggNOG}} 5.0},
  author = {Huerta-Cepas, Jaime and Szklarczyk, Damian and Heller, Davide and Hernández-Plaza, Ana and Forslund, Sofia K. and Cook, Helen and Mende, Daniel R. and Letunic, Ivica and Rattei, Thomas and Jensen, Lars J. and family=Mering, given=Christian, prefix=von, useprefix=true and Bork, Peer},
  date = {2019-01-08},
  journaltitle = {Nucleic Acids Research},
  shortjournal = {Nucleic Acids Res.},
  volume = {47},
  number = {D1},
  pages = {D309-D314},
  publisher = {Oxford Academic},
  issn = {0305-1048},
  doi = {10.1093/nar/gky1085},
  langid = {english}
}

@article{Hultman2015,
  title = {Multi-Omics of Permafrost, Active Layer and Thermokarst Bog Soil Microbiomes.},
  author = {Hultman, Jenni and Waldrop, Mark P and Mackelprang, Rachel and David, Maude M and McFarland, Jack and Blazewicz, Steven J and Harden, Jennifer and Turetsky, Merritt R and McGuire, A David and Shah, Manesh B and VerBerkmoes, Nathan C and Lee, Lang Ho and Mavrommatis, Kostas and Jansson, Janet K},
  date = {2015-05},
  journaltitle = {Nature},
  volume = {521},
  number = {7551},
  pages = {208--212},
  doi = {10.1038/nature14238},
  issue = {7551}
}

@article{Hyatt2010,
  title = {Prodigal: Prokaryotic Gene Recognition and Translation Initiation Site Identification},
  shorttitle = {Prodigal},
  author = {Hyatt, Doug and Chen, Gwo-Liang and LoCascio, Philip F. and Land, Miriam L. and Larimer, Frank W. and Hauser, Loren J.},
  date = {2010-03-08},
  journaltitle = {BMC Bioinformatics},
  volume = {11},
  number = {1},
  pages = {119},
  issn = {1471-2105},
  doi = {10.1186/1471-2105-11-119}
}

@incollection{Jorgensen2000,
  title = {Bacteria and Marine Biogeochemistry},
  booktitle = {Marine {{Geochemistry}}},
  author = {Jørgensen, Bo Barker},
  editor = {Schulz, Horst D. and Zabel, Matthias},
  date = {2000},
  pages = {169--206},
  publisher = {Springer},
  location = {Berlin, Heidelberg},
  doi = {10.1007/978-3-662-04242-7_5},
  isbn = {978-3-662-04242-7},
  langid = {english}
}

@article{Jorgensen2019,
  title = {The Biogeochemical Sulfur Cycle of Marine Sediments},
  author = {Jørgensen, Bo Barker and Findlay, Alyssa J. and Pellerin, André},
  date = {2019-04-24},
  journaltitle = {Frontiers in Microbiology},
  shortjournal = {Front. Microbiol.},
  volume = {10},
  pages = {849},
  publisher = {Frontiers},
  issn = {1664-302X},
  doi = {10.3389/fmicb.2019.00849},
  langid = {english}
}

@article{Jost2006,
  title = {Entropy and Diversity},
  author = {Jost, Lou},
  date = {2006-05},
  journaltitle = {Oikos},
  volume = {113},
  number = {2},
  pages = {363--375},
  issn = {00301299},
  doi = {10.1111/j.2006.0030-1299.14714.x},
  issue = {2}
}

@article{Kallmeyer2012,
  title = {Global Distribution of Microbial Abundance and Biomass in Subseafloor Sediment},
  author = {Kallmeyer, Jens and Pockalny, Robert and Adhikari, Rishi Ram and Smith, David C. and D’Hondt, Steven},
  date = {2012-10-02},
  journaltitle = {Proceedings of the National Academy of Sciences of the United States of America},
  shortjournal = {Proc. Natl. Acad. Sci. U. S. A.},
  volume = {109},
  number = {40},
  pages = {16213--16216},
  publisher = {Proceedings of the National Academy of Sciences},
  doi = {10.1073/pnas.1203849109}
}

@article{Kennedy2010,
  title = {Seagrass Sediments as a Global Carbon Sink: Isotopic Constraints},
  shorttitle = {Seagrass Sediments as a Global Carbon Sink},
  author = {Kennedy, Hilary and Beggins, Jeff and Duarte, Carlos M. and Fourqurean, James W. and Holmer, Marianne and Marbà, Núria and Middelburg, Jack J.},
  date = {2010},
  journaltitle = {Global Biogeochemical Cycles},
  shortjournal = {Glob. Biogeochem. Cycles},
  volume = {24},
  number = {4},
  pages = {GB4026},
  issn = {1944-9224},
  doi = {10.1029/2010GB003848},
  langid = {english}
}

@article{Korlevic2021a,
  title = {Selective {{DNA}} and Protein Isolation from Marine Macrophyte Surfaces},
  author = {Korlević, Marino and Markovski, Marsej and Zhao, Zihao and Herndl, Gerhard J. and Najdek, Mirjana},
  date = {2021-05-24},
  journaltitle = {Frontiers in Microbiology},
  shortjournal = {Front. Microbiol.},
  volume = {12},
  pages = {665999},
  publisher = {Frontiers},
  issn = {1664-302X},
  doi = {10.3389/fmicb.2021.665999},
  langid = {english}
}

@article{Kuhlbrandt2019,
  title = {Structure and Mechanisms of {{F-type ATP}} Synthases},
  author = {Kühlbrandt, Werner},
  date = {2019-06-20},
  journaltitle = {Annual Review of Biochemistry},
  shortjournal = {Annu. Rev. Biochem.},
  volume = {88},
  pages = {515--549},
  issn = {1545-4509},
  doi = {10.1146/annurev-biochem-013118-110903},
  langid = {english}
}

@book{Legendre2012,
  title = {Numerical {{Ecology}}},
  author = {Legendre, Pierre and Legendre, Louis},
  date = {2012-08-20},
  edition = {3rd},
  publisher = {Elsevier},
  location = {Amsterdam},
  isbn = {978-0-444-53868-0},
  langid = {english},
  pagetotal = {1008}
}

@article{Li2015,
  title = {{{MEGAHIT}}: An Ultra-Fast Single-Node Solution for Large and Complex Metagenomics Assembly via Succinct de {{Bruijn}} Graph},
  shorttitle = {{{MEGAHIT}}},
  author = {Li, Dinghua and Liu, Chi-Man and Luo, Ruibang and Sadakane, Kunihiko and Lam, Tak-Wah},
  date = {2015-05-15},
  journaltitle = {Bioinformatics},
  volume = {31},
  number = {10},
  pages = {1674--1676},
  publisher = {Oxford Academic},
  issn = {1367-4803},
  doi = {10.1093/bioinformatics/btv033},
  langid = {english}
}

@article{Lin2015,
  title = {Metaproteomic Analysis of Bacterial Communities in Marine Mudflat Aquaculture Sediment},
  author = {Lin, Rui and Lin, Xiangmin and Guo, Tingting and Wu, Linkun and Zhang, Wenjing and Lin, Wenxiong},
  date = {2015-09},
  journaltitle = {World Journal of Microbiology and Biotechnology},
  shortjournal = {World J. Microbiol. Biotechnol.},
  volume = {31},
  number = {9},
  pages = {1397--1408},
  issn = {0959-3993},
  doi = {10.1007/s11274-015-1891-5},
  issue = {9}
}

@article{Liu2017,
  title = {Effects of Seagrass Leaf Litter Decomposition on Sediment Organic Carbon Composition and the Key Transformation Processes},
  author = {Liu, SongLin and Jiang, ZhiJian and Deng, YiQin and Wu, YunChao and Zhao, ChunYu and Zhang, JingPing and Shen, Yuan and Huang, XiaoPing},
  date = {2017-12-01},
  journaltitle = {Science China Earth Sciences},
  shortjournal = {Sci. China Earth Sci.},
  volume = {60},
  number = {12},
  pages = {2108--2117},
  issn = {1869-1897},
  doi = {10.1007/s11430-017-9147-4},
  langid = {english}
}

@article{Liu2023,
  title = {Diversity of the Protease-Producing Bacteria and Their Extracellular Protease in the Coastal Mudflat of {{Jiaozhou Bay}}, {{China}}: In Response to Clam Naturally Growing and Aquaculture},
  shorttitle = {Diversity of the Protease-Producing Bacteria and Their Extracellular Protease in the Coastal Mudflat of {{Jiaozhou Bay}}, {{China}}},
  author = {Liu, Zhiyun and Liu, Guangchao and Guo, Xuzhen and Li, Yang and Ji, Na and Xu, Xingfeng and Sun, Qingjie and Yang, Jie},
  date = {2023-05-19},
  journaltitle = {Frontiers in Microbiology},
  shortjournal = {Front. Microbiol.},
  volume = {14},
  pages = {1164937},
  publisher = {Frontiers},
  issn = {1664-302X},
  doi = {10.3389/fmicb.2023.1164937},
  langid = {english}
}

@article{Luoto2011,
  title = {Na{\textsuperscript{+}}-Translocating Membrane Pyrophosphatases Are Widespread in the Microbial World and Evolutionarily Precede {{H}}{\textsuperscript{+}}-Translocating Pyrophosphatases},
  author = {Luoto, Heidi H. and Belogurov, Georgiy A. and Baykov, Alexander A. and Lahti, Reijo and Malinen, Anssi M.},
  date = {2011-06-17},
  journaltitle = {Journal of Biological Chemistry},
  shortjournal = {J. Biol. Chem.},
  volume = {286},
  number = {24},
  pages = {21633--21642},
  publisher = {Elsevier},
  issn = {0021-9258, 1083-351X},
  doi = {10.1074/jbc.M111.244483},
  langid = {english}
}

@article{Markovski2022,
  title = {Compositional Stability of Sediment Microbial Communities during a Seagrass Meadow Decline},
  author = {Markovski, Marsej and Najdek, Mirjana and Herndl, Gerhard J. and Korlević, Marino},
  date = {2022-09-05},
  journaltitle = {Frontiers in Marine Science},
  shortjournal = {Front. Mar. Sci.},
  volume = {9},
  pages = {966070},
  issn = {2296-7745},
  doi = {10.3389/fmars.2022.966070},
}

@article{Mohapatra2022,
  title = {Seagrasses and Local Environment Control the Bacterial Community Structure and Carbon Substrate Utilization in Brackish Sediments},
  author = {Mohapatra, Madhusmita and Manu, Shivakumara and Dash, Stiti Prangya and Rastogi, Gurdeep},
  date = {2022-07-15},
  journaltitle = {Journal of Environmental Management},
  shortjournal = {J. Environ. Manage.},
  volume = {314},
  pages = {115013},
  issn = {0301-4797},
  doi = {10.1016/j.jenvman.2022.115013}
}

@article{Najdek2020,
  title = {Dynamics of Environmental Conditions during the Decline of a {{{\mkbibemph{Cymodocea nodosa}}}} Meadow},
  author = {Najdek, Mirjana and Korlević, Marino and Paliaga, Paolo and Markovski, Marsej and Ivančić, Ingrid and Iveša, Ljiljana and Felja, Igor and Herndl, Gerhard J.},
  date = {2020-06-30},
  journaltitle = {Biogeosciences},
  volume = {17},
  number = {12},
  pages = {3299--3315},
  publisher = {Copernicus GmbH},
  issn = {1726-4170},
  doi = {10.5194/bg-17-3299-2020},
  langid = {english}
}

@article{Nealson1997,
  title = {Sediment Bacteria: Who's There, What Are They Doing, and What's New?},
  shorttitle = {Sediment Bacteria},
  author = {Nealson, Kenneth H.},
  date = {1997-05-01},
  journaltitle = {Annual Review of Earth and Planetary Sciences},
  shortjournal = {Annu. Rev. Earth Planet. Sci.},
  volume = {25},
  pages = {403--434},
  publisher = {Annual Reviews},
  issn = {0084-6597, 1545-4495},
  doi = {10.1146/annurev.earth.25.1.403},
  issue = {Volume 25, 1997},
  langid = {english}
}

@article{Orlando-Bonaca2015,
  title = {A New Index ({{MediSkew}}) for the Assessment of the {{{\mkbibemph{Cymodocea nodosa}}}} ({{Ucria}}) {{Ascherson}} Meadow's Status},
  author = {Orlando-Bonaca, Martina and Francé, Janja and Mavrič, Borut and Grego, Mateja and Lipej, Lovrenc and Flander-Putrle, Vesna and Šiško, Milijan and Falace, Annalisa},
  date = {2015-09-01},
  journaltitle = {Marine Environmental Research},
  shortjournal = {Mar. Environ. Res.},
  volume = {110},
  pages = {132--141},
  issn = {0141-1136},
  doi = {10.1016/j.marenvres.2015.08.009}
}

@article{Orlando-Bonaca2019,
  title = {Impact of the Port of {{Koper}} on {{{\mkbibemph{Cymodocea nodosa}}}} Meadow},
  author = {Orlando-Bonaca, Martina and Francé, Janja and Mavrič, Borut and Lipej, Lovrenc},
  date = {2019},
  journaltitle = {Annales-Anali za Istrske in Mediteranske Študije-Series Historia et Sociologia},
  shortjournal = {Ann.-Anal. Istrske Mediteranske},
  volume = {29},
  number = {2},
  pages = {187--194},
  issn = {1408-533X},
  doi = {10.19233/ASHN.2019.18},
  langid = {english}
}

@article{Orsi2018,
  title = {Ecology and Evolution of Seafloor and Subseafloor Microbial Communities},
  author = {Orsi, William D.},
  date = {2018-11},
  journaltitle = {Nature Reviews Microbiology},
  shortjournal = {Nat. Rev. Microbiol.},
  volume = {16},
  number = {11},
  pages = {671--683},
  publisher = {Nature Publishing Group},
  issn = {1740-1534},
  doi = {10.1038/s41579-018-0046-8},
  langid = {english}
}

@article{Orth2006,
  title = {A Global Crisis for Seagrass Ecosystems},
  author = {Orth, Robert J. and Carruthers, Tim J. B. and Dennison, William C. and Duarte, Carlos M. and Fourqurean, James W. and Heck, Kenneth L. and Hughes, A. Randall and Kendrick, Gary A. and Kenworthy, W. Judson and Olyarnik, Suzanne and Short, Frederick T. and Waycott, Michelle and Williams, Susan L.},
  date = {2006-12-01},
  journaltitle = {BioScience},
  volume = {56},
  number = {12},
  pages = {987--996},
  issn = {0006-3568},
  doi = {10.1641/0006-3568(2006)56[987:AGCFSE]2.0.CO;2}
}

@article{Peduzzi1991,
  title = {Decomposition and Significance of Seagrass Leaf Litter ({{{\mkbibemph{Cymodocea nodosa}}}}) for the Microbial Food Web in Coastal Waters ({{Gulf}} of {{Trieste}}, {{Northern Adriatic Sea}})},
  author = {Peduzzi, Peter and Herndl, Gerhard J.},
  date = {1991},
  journaltitle = {Marine Ecology Progress Series},
  shortjournal = {Mar. Ecol.-Prog. Ser.},
  volume = {71},
  number = {2},
  pages = {163--174},
  publisher = {Inter-Research Science Center},
  issn = {0171-8630}
}

@article{Pelikan2021,
  title = {Anaerobic Bacterial Degradation of Protein and Lipid Macromolecules in Subarctic Marine Sediment},
  author = {Pelikan, Claus and Wasmund, Kenneth and Glombitza, Clemens and Hausmann, Bela and Herbold, Craig W and Flieder, Mathias and Loy, Alexander},
  date = {2021-03-01},
  journaltitle = {The ISME Journal},
  shortjournal = {ISME J.},
  volume = {15},
  number = {3},
  pages = {833--847},
  issn = {1751-7362},
  doi = {10.1038/s41396-020-00817-6}
}

@article{Perez-Riverol2022,
  title = {The {{PRIDE}} Database Resources in 2022: A Hub for Mass Spectrometry-Based Proteomics Evidences},
  shorttitle = {The {{PRIDE}} Database Resources in 2022},
  author = {Perez-Riverol, Yasset and Bai, Jingwen and Bandla, Chakradhar and García-Seisdedos, David and Hewapathirana, Suresh and Kamatchinathan, Selvakumar and Kundu, Deepti~J and Prakash, Ananth and Frericks-Zipper, Anika and Eisenacher, Martin and Walzer, Mathias and Wang, Shengbo and Brazma, Alvis and Vizcaíno, Juan~Antonio},
  date = {2022-01-07},
  journaltitle = {Nucleic Acids Research},
  shortjournal = {Nucleic Acids Res.},
  volume = {50},
  number = {D1},
  pages = {D543-D552},
  issn = {0305-1048},
  doi = {10.1093/nar/gkab1038}
}

@article{Petro2017,
  title = {Microbial Community Assembly in Marine Sediments},
  author = {Petro, C and Starnawski, P and Schramm, A and family=Kjeldsen, given=KU, given-i=KU},
  date = {2017-06},
  journaltitle = {Aquatic Microbial Ecology},
  shortjournal = {Aquat. Microb. Ecol.},
  volume = {79},
  number = {3},
  pages = {177--195},
  issn = {0948-3055},
  doi = {10.3354/ame01826},
  issue = {3}
}

@article{Pfeifer2020,
  title = {The Cell Wall of Seagrasses: Fascinating, Peculiar and a Blank Canvas for Future Research},
  shorttitle = {The Cell Wall of Seagrasses},
  author = {Pfeifer, Lukas and Classen, Birgit},
  date = {2020-10-23},
  journaltitle = {Frontiers in Plant Science},
  shortjournal = {Front. Plant Sci.},
  volume = {11},
  pages = {588754},
  publisher = {Frontiers},
  issn = {1664-462X},
  doi = {10.3389/fpls.2020.588754},
  langid = {english}
}

@article{Pjevac2018,
  title = {Metaproteogenomic Profiling of Microbial Communities Colonizing Actively Venting Hydrothermal Chimneys},
  author = {Pjevac, Petra and Meier, Dimitri V. and Markert, Stephanie and Hentschker, Christian and Schweder, Thomas and Becher, Dörte and Gruber-Vodicka, Harald R. and Richter, Michael and Bach, Wolfgang and Amann, Rudolf and Meyerdierks, Anke},
  date = {2018-04},
  journaltitle = {Frontiers in Microbiology},
  shortjournal = {Front. Microbiol.},
  volume = {9},
  pages = {680},
  publisher = {Frontiers},
  issn = {1664-302X},
  doi = {10.3389/fmicb.2018.00680}
}

@article{Roy2012,
  title = {Aerobic Microbial Respiration in 86-Million-Year-Old Deep-Sea Red Clay},
  author = {Røy, Hans and Kallmeyer, Jens and Adhikari, Rishi Ram and Pockalny, Robert and Jørgensen, Bo Barker and D’Hondt, Steven},
  date = {2012-05-18},
  journaltitle = {Science},
  volume = {336},
  number = {6083},
  pages = {922--925},
  publisher = {American Association for the Advancement of Science},
  doi = {10.1126/science.1219424}
}

@article{Ryu2008,
  title = {Comparison of a Label-Free Quantitative Proteomic Method Based on Peptide Ion Current Area to the Isotope Coded Affinity Tag Method},
  author = {Ryu, Soyoung and Gallis, Byron and Goo, Young Ah and Shaffer, Scott A. and Radulovic, Dragan and Goodlett, David R.},
  date = {2008-01-01},
  journaltitle = {Cancer Informatics},
  shortjournal = {Cancer Inform.},
  volume = {6},
  pages = {243--255},
  publisher = {SAGE Publications Ltd STM},
  issn = {1176-9351},
  doi = {10.4137/CIN.S385},
  langid = {english}
}

@article{Saito2019,
  title = {Progress and Challenges in Ocean Metaproteomics and Proposed Best Practices for Data Sharing},
  author = {Saito, Mak A. and Bertrand, Erin M. and Duffy, Megan E. and Gaylord, David A. and Held, Noelle A. and Hervey, William Judson and Hettich, Robert L. and Jagtap, Pratik D. and Janech, Michael G. and Kinkade, Danie B. and Leary, Dagmar H. and McIlvin, Matthew R. and Moore, Eli K. and Morris, Robert M. and Neely, Benjamin A. and Nunn, Brook L. and Saunders, Jaclyn K. and Shepherd, Adam I. and Symmonds, Nicholas I. and Walsh, David A.},
  date = {2019-04-05},
  journaltitle = {Journal of Proteome Research},
  shortjournal = {J. Proteome Res.},
  volume = {18},
  number = {4},
  pages = {1461--1476},
  publisher = {American Chemical Society},
  issn = {1535-3893},
  doi = {10.1021/acs.jproteome.8b00761}
}

@article{Smith2004,
  title = {Seasonal Composition and Activity of Sulfate-Reducing Prokaryotic Communities in Seagrass Bed Sediments},
  author = {family=Smith, given=AC, given-i=AC and family=Kostka, given=JE, given-i=JE and Devereux, R and family=Yates, given=DF, given-i=DF},
  date = {2004},
  journaltitle = {Aquatic Microbial Ecology},
  shortjournal = {Aquat. Microb. Ecol.},
  volume = {37},
  pages = {183--195},
  issn = {0948-3055},
  doi = {10.3354/ame037183}
}

@article{Stokke2012,
  title = {Integrated Metagenomic and Metaproteomic Analyses of an {{ANME-1-dominated}} Community in Marine Cold Seep Sediments},
  author = {Stokke, Runar and Roalkvam, Irene and Lanzen, Anders and Haflidason, Haflidi and Steen, Ida H},
  date = {2012-05},
  journaltitle = {Environmental microbiology},
  shortjournal = {Environ. Microbiol.},
  volume = {14},
  number = {5},
  pages = {1333--1346},
  doi = {10.1111/j.1462-2920.2012.02716.x},
  issue = {5}
}

@article{Sun2020,
  title = {Seagrass Vegetation Affect the Vertical Organization of Microbial Communities in Sediment},
  author = {Sun, Yanyu and Song, Zenglei and Zhang, Haikun and Liu, Pengyuan and Hu, Xiaoke},
  date = {2020-12-01},
  journaltitle = {Marine Environmental Research},
  shortjournal = {Mar. Environ. Res.},
  volume = {162},
  pages = {105174},
  issn = {0141-1136},
  doi = {10.1016/j.marenvres.2020.105174}
}

@article{Suominen2021,
  title = {Organic Matter Type Defines the Composition of Active Microbial Communities Originating from Anoxic {{Baltic Sea}} Sediments},
  author = {Suominen, Saara and family=Vliet, given=Daan M., prefix=van, useprefix=true and Sánchez-Andrea, Irene and family=Meer, given=Marcel T. J., prefix=van der, useprefix=true and Sinninghe Damsté, Jaap S. and Villanueva, Laura},
  date = {2021-05-05},
  journaltitle = {Frontiers in Microbiology},
  shortjournal = {Front. Microbiol.},
  volume = {12},
  pages = {628301},
  publisher = {Frontiers},
  issn = {1664-302X},
  doi = {10.3389/fmicb.2021.628301},
  langid = {english}
}

@article{Syed2016,
  title = {Fiber Characteristics and Papermaking of Seagrass Using Hand-Beaten and Blended Pulp},
  author = {Syed, Nurul Farahin Nur and Zakaria, Muta Harah and Bujang, Japar Sidik},
  date = {2016-05-02},
  journaltitle = {BioResources},
  volume = {11},
  number = {2},
  pages = {5358--5380},
  issn = {1930-2126},
  doi = {10.15376/biores.11.2.5358-5380}
}

@article{Torbatinejad2001,
  title = {Laboratory Evaluation of Some Marine Plants on {{South Australian}} Beaches},
  author = {Torbatinejad, N. and Sabin, J.},
  date = {2001-04-15},
  journaltitle = {Journal of Agricultural Science and Technology},
  shortjournal = {J. Agric. Sci. Technol.},
  volume = {3},
  pages = {91--100}
}

@article{Trevathan-Tackett2020,
  title = {Long-Term Decomposition Captures Key Steps in Microbial Breakdown of Seagrass Litter},
  author = {Trevathan-Tackett, Stacey M. and Jeffries, Thomas C. and Macreadie, Peter I. and Manojlovic, Bojana and Ralph, Peter},
  date = {2020-02-25},
  journaltitle = {Science of The Total Environment},
  shortjournal = {Sci. Total Environ.},
  volume = {705},
  pages = {135806},
  issn = {0048-9697},
  doi = {10.1016/j.scitotenv.2019.135806}
}

@article{Tuya2002,
  title = {Impact of a Marina Construction on a Seagrass Bed at {{Lanzarote}} ({{Canary Islands}})},
  author = {Tuya, F. and Martín, J. A. and Luque, A.},
  date = {2002},
  journaltitle = {Journal of Coastal Conservation},
  shortjournal = {J. Coast. Conserv.},
  volume = {8},
  number = {2},
  pages = {157--162},
  publisher = {Springer},
  issn = {1400-0350}
}

@article{Tuya2014,
  title = {Decadal Changes in the Structure of {{{\mkbibemph{Cymodocea nodosa}}}} Seagrass Meadows: {{Natural}} {\mkbibemph{vs.}} {{human}} Influences},
  shorttitle = {Decadal Changes in the Structure of {{{\mkbibemph{Cymodocea}}}}{\mkbibemph{ Nodosa}} Seagrass Meadows},
  author = {Tuya, Fernando and Ribeiro-Leite, Luís and Arto-Cuesta, Noelia and Coca, Josep and Haroun, Ricardo and Espino, Fernando},
  date = {2014-01-20},
  journaltitle = {Estuarine, Coastal and Shelf Science},
  shortjournal = {Estuar. Coast. Shelf Sci.},
  volume = {137},
  pages = {41--49},
  issn = {0272-7714},
  doi = {10.1016/j.ecss.2013.11.026}
}

@article{Urich2014,
  title = {Microbial Community Structure and Functioning in Marine Sediments Associated with Diffuse Hydrothermal Venting Assessed by Integrated Meta-Omics},
  author = {Urich, Tim and Lanzén, Anders and Stokke, Runar and Pedersen, Rolf B. and Bayer, Christoph and Thorseth, Ingunn H. and Schleper, Christa and Steen, Ida H. and Øvreas, Lise},
  date = {2014},
  journaltitle = {Environmental Microbiology},
  shortjournal = {Environ. Microbiol.},
  volume = {16},
  number = {9},
  pages = {2699--2710},
  issn = {1462-2920},
  doi = {10.1111/1462-2920.12283},
  langid = {english}
}

@article{vanKatwijk2010,
  title = {Sediment Modification by Seagrass Beds: Muddification and Sandification Induced by Plant Cover and Environmental Conditions},
  shorttitle = {Sediment Modification by Seagrass Beds},
  author = {family=Katwijk, given=M. M., prefix=van, useprefix=true and Bos, A. R. and Hermus, D. C. R. and Suykerbuyk, W.},
  date = {2010-09-20},
  journaltitle = {Estuarine, Coastal and Shelf Science},
  shortjournal = {Estuar. Coast. Shelf Sci.},
  volume = {89},
  number = {2},
  pages = {175--181},
  issn = {0272-7714},
  doi = {10.1016/j.ecss.2010.06.008}
}

@article{Wang2020a,
  title = {Comparative Metagenomics Reveals the Microbial Diversity and Metabolic Potentials in the Sediments and Surrounding Seawaters of {{Qinhuangdao}} Mariculture Area},
  author = {Wang, Shuping and Yan, Zhenguang and Wang, Pengyuan and Zheng, Xin and Fan, Juntao},
  date = {2020-06-04},
  journaltitle = {PLOS ONE},
  shortjournal = {PLoS One},
  volume = {15},
  number = {6},
  pages = {e0234128},
  publisher = {Public Library of Science},
  issn = {1932-6203},
  doi = {10.1371/journal.pone.0234128},
  langid = {english}
}

@article{Wilmes2015,
  title = {A Decade of Metaproteomics: Where We Stand and What the Future Holds},
  shorttitle = {A Decade of Metaproteomics},
  author = {Wilmes, Paul and Heintz-Buschart, Anna and Bond, Philip L.},
  date = {2015},
  journaltitle = {PROTEOMICS},
  shortjournal = {Proteomics},
  volume = {15},
  number = {20},
  pages = {3409--3417},
  issn = {1615-9861},
  doi = {10.1002/pmic.201500183},
  langid = {english}
}

@article{Wisniewski2009,
  title = {Universal Sample Preparation Method for Proteome Analysis},
  author = {Wiśniewski, Jacek R and Zougman, Alexandre and Nagaraj, Nagarjuna and Mann, Matthias},
  date = {2009-05},
  journaltitle = {Nature Methods},
  shortjournal = {Nat. Methods},
  volume = {6},
  number = {5},
  pages = {359--362},
  issn = {1548-7091},
  doi = {10.1038/nmeth.1322},
  issue = {5}
}

@article{Zhang2015,
  title = {Improving Label-Free Quantitative Proteomics Strategies by Distributing Shared Peptides and Stabilizing Variance},
  author = {Zhang, Ying and Wen, Zhihui and Washburn, Michael P. and Florens, Laurence},
  date = {2015-05-05},
  journaltitle = {Analytical Chemistry},
  shortjournal = {Anal. Chem.},
  volume = {87},
  number = {9},
  pages = {4749--4756},
  publisher = {American Chemical Society},
  issn = {0003-2700},
  doi = {10.1021/ac504740p}
}

@article{Zhang2015a,
  title = {Diversity of Cultivable Protease-Producing Bacteria in Sediments of {{Jiaozhou Bay}}, {{China}}},
  author = {Zhang, Xi-Ying and Han, Xiao-Xu and Chen, Xiu-Lan and Dang, Hong-Yue and Xie, Bin-Bin and Qin, Qi-Long and Shi, Mei and Zhou, Bai-Cheng and Zhang, Yu-Zhong},
  date = {2015-09-25},
  journaltitle = {Frontiers in Microbiology},
  shortjournal = {Front. Microbiol.},
  volume = {6},
  pages = {1021},
  publisher = {Frontiers},
  issn = {1664-302X},
  doi = {10.3389/fmicb.2015.01021},
  langid = {english}
}

@article{Zhang2020,
  title = {Rhizosphere Microbial Community Structure Is Selected by Habitat but Not Plant Species in Two Tropical Seagrass Beds},
  author = {Zhang, Xia and Zhao, Chunyu and Yu, Shuo and Jiang, Zhijian and Liu, Songlin and Wu, Yunchao and Huang, Xiaoping},
  date = {2020-03-04},
  journaltitle = {Frontiers in Microbiology},
  shortjournal = {Front. Microbiol.},
  volume = {11},
  pages = {161},
  publisher = {Frontiers},
  issn = {1664-302X},
  doi = {10.3389/fmicb.2020.00161},
  langid = {english}
}

@article{Zheng2019,
  title = {Community Structure and Abundance of {{{\mkbibemph{Archaea}}}} in a {{{\mkbibemph{Zostera marina}}}} Meadow: A Comparison between Seagrass-Colonized and Bare Sediment Sites},
  shorttitle = {Community Structure and Abundance of Archaea in a Zostera Marina Meadow},
  author = {Zheng, Pengfei and Wang, Chuantao and Zhang, Xiaoli and Gong, Jun},
  date = {2019},
  journaltitle = {Archaea},
  volume = {2019},
  number = {1},
  pages = {5108012},
  issn = {1472-3654},
  doi = {10.1155/2019/5108012},
  langid = {english}
}

@article{Zhou1996,
  title = {{{DNA}} Recovery from Soils of Diverse Composition},
  author = {Zhou, J and Bruns, M A and Tiedje, J M},
  date = {1996-02},
  journaltitle = {Applied and environmental microbiology},
  shortjournal = {Appl. Environ. Microbiol.},
  volume = {62},
  number = {2},
  pages = {316--322},
  issue = {2}
}

@article{Zhou2013,
  title = {Diversity of Both the Cultivable Protease-Producing Bacteria and Bacterial Extracellular Proteases in the Coastal Sediments of {{King George Island}}, {{Antarctica}}},
  author = {Zhou, Ming-Yang and Wang, Guang-Long and Li, Dan and Zhao, Dian-Li and Qin, Qi-Long and Chen, Xiu-Lan and Chen, Bo and Zhou, Bai-Cheng and Zhang, Xi-Ying and Zhang, Yu-Zhong},
  date = {2013-11-04},
  journaltitle = {PLOS ONE},
  shortjournal = {PLoS One},
  volume = {8},
  number = {11},
  pages = {e79668},
  publisher = {Public Library of Science},
  issn = {1932-6203},
  doi = {10.1371/journal.pone.0079668},
  langid = {english}
}

@article{Zhuang2014,
  title = {Gas Chromatographic Analysis of Methanol and Ethanol in Marine Sediment Pore Waters: Validation and Implementation of Three Pretreatment Techniques},
  shorttitle = {Gas Chromatographic Analysis of Methanol and Ethanol in Marine Sediment Pore Waters},
  author = {Zhuang, Guang-Chao and Lin, Yu-Shih and Elvert, Marcus and Heuer, Verena B. and Hinrichs, Kai-Uwe},
  date = {2014-03-20},
  journaltitle = {Marine Chemistry},
  shortjournal = {Mar. Chem.},
  volume = {160},
  pages = {82--90},
  issn = {0304-4203},
  doi = {10.1016/j.marchem.2014.01.011}
}

@article{Zinke2019,
  title = {Microbial Organic Matter Degradation Potential in {{Baltic Sea}} Sediments Is Influenced by Depositional Conditions and {{{\mkbibemph{in situ}}}} Geochemistry},
  author = {Zinke, Laura A. and Glombitza, Clemens and Bird, Jordan T. and Røy, Hans and Jørgensen, Bo Barker and Lloyd, Karen G. and Amend, Jan P. and Reese, Brandi Kiel},
  date = {2019-02-06},
  journaltitle = {Applied and Environmental Microbiology},
  shortjournal = {Appl. Environ. Microbiol.},
  volume = {85},
  number = {4},
  pages = {e02164-18},
  publisher = {American Society for Microbiology},
  doi = {10.1128/AEM.02164-18}
}
